@misc{zimmerman2019software,
  title={Software Carpentry: R for Reproducible Scientific Analysis, June 2019},
  author={Zimmerman, Naupaka and Wilson, Greg and Silva, Raniere and Ritchie, Scott and Michonneau, François and Oliver, Jeffrey and others},
  howpublished={Zenodo},
  year={2019},
  month={Jul},
  version={v2019.06.1},
  doi={10.5281/zenodo.3265164},
  url={http://doi.org/10.5281/zenodo.3265164}
}


@book{wickham2021mastering,
  title={Mastering shiny},
  author={Wickham, Hadley},
  year={2021},
  publisher={" O'Reilly Media, Inc."}
}

@book{wickham2023pkg,
  title={R packages},
  author={Wickham, Hadley and Bryan, Jennifer},
  year={2023},
  publisher={" O'Reilly Media, Inc."}
}

@book{wickham2019advanced,
  title={Advanced r},
  author={Wickham, Hadley},
  year={2019},
  publisher={chapman and hall/CRC}
}

@book{wickham2023r,
  title={R for data science},
  author={Wickham, Hadley and {\c{C}}etinkaya-Rundel, Mine and Grolemund, Garrett},
  year={2023},
  publisher={" O'Reilly Media, Inc."}
}

@book{munzner2014visualization,
  title={Visualization analysis and design},
  author={Munzner, Tamara},
  year={2014},
  publisher={CRC press}
}

@article{AbdulMajedRaja2020,
  title={Penguins Dataset Overview - iris alternative in R
using {palmerpenguins}},
  author={AbdulMajedRaja},
  journal={Programming with R},
  year={2020},
  month={June},
  day={17},
  url={https://www.programmingwithr.com/penguins-dataset-overview-iris-alternative-in-r/}
}

@article{Levy2019,
  title={Eugenics and the Ethics of Statistical Analysis},
  author={Ido Levy},
  journal={GEORGETOWN PUBLIC POLICY REVIEW},
  year={2019},
  month={December},
  day={16},
  url={https://gppreview.com/2019/12/16/eugenics-ethics-statistical-analysis/},
}


@Manual{penguin2020,
  title = {palmerpenguins: Palmer Archipelago (Antarctica) penguin data},
  author = {Allison Marie Horst and Alison Presmanes Hill and Kristen B Gorman},
  year = {2020},
  note = {R package version 0.1.0},
  doi = {10.5281/zenodo.3960218},
  url = {https://allisonhorst.github.io/palmerpenguins/},
}

@book{fisher1930genetical,
  title={The Genetical Theory of Natural Selection},
  author={Fisher, Ronald},
  publisher={The Clarendon Press},
  year={1930},
}

@article{anscombe1973graphs,
  title={Graphs in statistical analysis},
  author={Anscombe, Francis J},
  journal={The american statistician},
  volume={27},
  number={1},
  pages={17--21},
  year={1973},
  publisher={Taylor \& Francis}
}

@book{Rodrigues2016Functional,
  title = {Functional Programming and Unit Testing for Data Munging with R},
  author = {Bruno Rodrigues},
  year = {2016},
  publisher = {LeanPub},
  url = {https://b-rodrigues.github.io/fput/},
  date = {2016-12-23}
}

@book{rosling2019factfulness,
  title={팩트풀니스: 우리가 세상을 오해하는 10가지 이유와 세상이 생각보다 괜찮은 이유},
  author={로슬링, 한스},
  translator={이창신},
  publisher={김영사},
  year={2019},
  month={3},
  day={10},
  edition={1},
  url={https://product.kyobobook.co.kr/detail/S000000597791}
}


@misc{ovando2018practical,
  title={Data Wrangling and Model Fitting Using purrr},
  author={Ovando, Dan},
  url={https://www.weirdfishes.blog/blog/practical-purrr/},
  year={2018},
  month={Feb},
  day={20}
}


@book{coelho2015building,
  title={Building machine learning systems with Python},
  author={Coelho, Luis Pedro and Richert, Willi},
  year={2015},
  publisher={Packt Publishing Birmingham}
}

@article{Hardie2012,
  doi = {10.5130/ajceb.v9i1.3009},
  url = {https://doi.org/10.5130/ajceb.v9i1.3009},
  year = {2012},
  month = nov,
  publisher = {University of Technology,  Sydney ({UTS})},
  volume = {9},
  number = {1},
  pages = {1--8},
  author = {Mary Hardie and Swapan Saha},
  title = {Builders{\textquotesingle} Perceptions of Lowest Cost Procurement and Its Impact on Quality},
  journal = {Construction Economics and Building}
}

@article{gencay2023chatgpt,
  title={ChatGPT Guide for Data Scientists: Top 40 Most Important Prompts},
  author={Gencay, I.},
  journal={Towards AI},
  year={2023},
  month={Apr},
  day={7},
  url={https://pub.towardsai.net/chatgpt-guide-for-data-scientists-top-40-most-important-prompts-cdb911f3a427}
}

@article{Broman2018,
  title = {Data Organization in Spreadsheets},
  volume = {72},
  ISSN = {1537-2731},
  url = {http://dx.doi.org/10.1080/00031305.2017.1375989},
  DOI = {10.1080/00031305.2017.1375989},
  number = {1},
  journal = {The American Statistician},
  publisher = {Informa UK Limited},
  author = {Broman,  Karl W. and Woo,  Kara H.},
  year = {2018},
  month = jan,
  pages = {2–10}
}

@article{wickham2011split,
  title={The split-apply-combine strategy for data analysis},
  author={Wickham, Hadley},
  journal={Journal of statistical software},
  volume={40},
  pages={1--29},
  year={2011}
}

@inproceedings{dibia-2023-lida,
    title = "{LIDA}: A Tool for Automatic Generation of Grammar-Agnostic Visualizations and Infographics using Large Language Models",
    author = "Dibia, Victor",
    editor = "Bollegala, Danushka  and
      Huang, Ruihong  and
      Ritter, Alan",
    booktitle = "Proceedings of the 61st Annual Meeting of the Association for Computational Linguistics (Volume 3: System Demonstrations)",
    month = jul,
    year = "2023",
    address = "Toronto, Canada",
    publisher = "Association for Computational Linguistics",
    url = "https://aclanthology.org/2023.acl-demo.11",
    doi = "10.18653/v1/2023.acl-demo.11",
    pages = "113--126",
    abstract = "Systems that support users in the automatic creation of visualizations must address several subtasks - understand the semantics of data, enumerate relevant visualization goals and generate visualization specifications. In this work, we pose visualization generation as a multi-stage generation problem and argue that well-orchestrated pipelines based on large language models (LLMs) and image generation models (IGMs) are suitable to addressing these tasks. We present LIDA, a novel tool for generating grammar-agnostic visualizations and infographics. LIDA comprises of 4 modules - A SUMMARIZER that converts data into a rich but compact natural language summary, a GOAL EXPLORER that enumerates visualization goals given the data, a VISGENERATOR that generates, refines, executes and filters visualization code and an INFOGRAPHER module that yields data-faithful stylized graphics using IGMs. LIDA provides a python api, and a hybrid user interface (direct manipulation and multilingual natural language) for interactive chart, infographics and data story generation. Code and demo are available at this url - \url{https://microsoft.github.io/lida/}",
}



@article{da_prompt2023,
  author = {"Enigma of the Stack"},
  title = {The Future of Data Analysis: 10 ChatGPT Prompts You Should Start Using Today},
  journal = {medium.com},
  year = {2023},
  month = {Dec},
  day = {11},
  url = {https://medium.com/ai-in-plain-english/the-future-of-data-analysis-10-chatgpt-prompts-you-should-start-using-today-39734b701e43}
}


@article{KwangChunLee2023,
  author    = {이광춘},
  title     = {공간정보의 역사 및 공간정보 처리기법},
  journal   = {프롭빅스(PROPBIX)},
  number    = {13},
  year      = {2023},
  month     = {9},
  publisher = {프롭빅스 출판사},
  url       = {http://www.kahps.org/}
}


@book{lovelace2019geocomputation,
  title={Geocomputation with R},
  author={Lovelace, Robin and Nowosad, Jakub and Muenchow, Jannes},
  year={2019},
  publisher={CRC Press}
}

@book{ChatGPT2023,
  title={챗GPT 유닉스 쉘: 데이터 과학 자동화 도구},
  author={이광춘·신종화},
  publisher={한국 R 사용자회},
  year={2023},
  month={8},
  day={31},
}

@book{lee2024sql,
  title={챗GPT SQL},
  author={이광춘},
  publisher={한국 R 사용자회},
  year={2024}
}

@book{lee2024quarto,
  title={챗GPT 쿼토},
  author={이광춘},
  publisher={한국 R 사용자회},
  year={2024}
}

@book{lee2024coding,
  title={챗GPT 코딩},
  author={이광춘},
  publisher={한국 R 사용자회},
  year={2024}
}


@article{wickham2019welcome,
  title={Welcome to the Tidyverse},
  author={Wickham, Hadley and Averick, Mara and Bryan, Jennifer and Chang, Winston and McGowan, Lucy D'Agostino and Fran{\c{c}}ois, Romain and Grolemund, Garrett and Hayes, Alex and Henry, Lionel and Hester, Jim and others},
  journal={Journal of open source software},
  volume={4},
  number={43},
  pages={1686},
  year={2019}
}

@online{Pebesma2016,
  author = {Edzer Pebesma and Wolfgang Wagner and Jan Verbesselt and Erwin Goor and Christian Briese and Markus Neteler},
  title = {OpenEO: a GDAL for Earth Observation Analytics},
  year = {2016},
  url = {https://r-spatial.org/2016/11/29/openeo.html},
  note = {Accessed: 2023-09-01}
}


@book{sds,
  author = {Edzer Pebesma and Roger Bivand},
  year = 2023,
  title = {{Spatial Data Science: With Applications in R}},
  publisher = {Chapman and Hall/CRC},
  URL = {https://doi.org/10.1201/9780429459016},
  doi = {10.1201/9780429459016}
}

@book{abu2012learning,
  title={Learning from data},
  author={Abu-Mostafa, Yaser S and Magdon-Ismail, Malik and Lin, Hsuan-Tien},
  volume={4},
  year={2012},
  publisher={AMLBook New York}
}

@Manual{histdata2023,
  title = {HistData: Data Sets from the History of Statistics and Data Visualization},
  author = {Michael Friendly},
  year = {2023},
  note = {R package version 0.9-1},
}

@book{caffo2015advanced,
  author    = {Brian Caffo},
  title     = {Advanced Linear Models for Data Science},
  publisher = {Leanpub},
  year      = {2015}
}

@book{chambers1992statistical,
  title={Statistical Models in S},
  author={Chambers, J. M. and Hastie, T. J.},
  year={1992},
  publisher={Chapman \& Hall},
  address={London}
}

@article{cleveland1992statistical,
  title={Statistical models in S},
  author={Cleveland, William S and Grosse, Eric and Shyu, William M and Chambers, John M and Hastie, Trevor J},
  journal={Local regression models},
  pages={Chapter--8},
  year={1992},
  publisher={Boca Raton, FL, USA: Chapman and Hall}
}

@book{becker2018new,
  title={The new S language},
  author={Becker, Richard},
  year={2018},
  publisher={CRC Press}
}

@article{lindquist1940statistical,
  title={Statistical analysis in educational research.},
  author={Lindquist, Everet Franklin},
  year={1940},
  publisher={Houghton Mifflin}
}


@incollection{fisher1970statistical,
  title={Statistical methods for research workers},
  author={Fisher, Ronald Aylmer},
  booktitle={Breakthroughs in statistics: Methodology and distribution},
  pages={66--70},
  year={1970},
  publisher={Springer}
}

@article{lefevre2010beer,
  title={Beer consumption increases human attractiveness to malaria mosquitoes},
  author={Lef{\`e}vre, Thierry and Gouagna, Louis-Cl{\'e}ment and Dabir{\'e}, Kounbobr Roch and Elguero, Eric and Fontenille, Didier and Renaud, Fran{\c{c}}ois and Costantini, Carlo and Thomas, Fr{\'e}d{\'e}ric},
  journal={PloS one},
  volume={5},
  number={3},
  pages={e9546},
  year={2010},
  publisher={Public Library of Science}
}

